
@book{winrar,
	title="WinRAR",
	url="Режим доступа: \url{https://www.win-rar.com/start.html?&L=4} (дата обращения: 14.09.2025)"
}

%@book{introDBsys,
%	author    = {К. Дж. Дейт},
%	title     = {Введение в системы баз данных, 8-е издание.: Пер. с англ},
%	publisher = {Издательский
%	дом "Вильяме"},
%	year      = {2005},
%	address   = {Москва},
%	pages     = {1328}
%}

%@book{FIDE2015,
%	author    = {Техническая комиссия ФИДЕ},
%	title     = {Стандарты шахматного оборудования и игровых площадок, предназначенных для проведения турниров ФИДЕ. Положение о тай-брейках},
%	year      = {2015},
%	url = "Режим доступа: \url{https://ruchess.ru/upload/iblock/8d7/8d7dfc75a3c874ab01612272fe6c5964.pdf} (дата обращения: 01.12.2024)"
%}

%@book{boreskovOsnovy,
%	author    = {Боресков, А. В. and Шикин, Е. В.},
%	title     = {Основы компьютерной графики : учебник и практикум для вузов},
%	publisher = {Издательство Юрайт},
%	year      = {2024},
%	address   = {Москва},
%	pages     = {219},
%	note      = {Текст : непосредственный.},
%	isbn      = {978-5-534-13196-3},
%	series    = {Высшее образование}
%}


