
@book{winrar,
	title="WinRAR",
	url="Режим доступа: \url{https://www.win-rar.com/start.html?&L=4} (дата обращения: 14.09.2025)"
}